% Encoding: UTF-8

@Article{warshal1_algorithm,
  author    = {Warshall, Stephen},
  journal   = {Journal of the ACM (JACM)},
  title     = {A Theorem on Boolean Matrices},
  year      = {1962},
  issn      = {0004-5411},
  number    = {1},
  pages     = {11--12},
  volume    = {9},
  doi       = {10.1145/321105.321107},
  file      = {:F\:/Uni/2021 SoSe/Bachelorarbeit/warshall_algorithm.pdf:PDF},
  publisher = {ACM New York, NY, USA},
}

@Misc{stateofjs,
  author = {{S. Greif und R. Benitte}},
  note   = {\url{https://2020.stateofjs.com/en-US/} [Zugriff am 28. August 2021]},
  title  = {{State of JS 2020}},
  year   = {2020},
}

@Misc{angular_eslint_collection_issue,
  author = {James Henry},
  month  = apr,
  year   = {2021},
  note   = {\url{https://github.com/angular-eslint/angular-eslint/issues/395#issuecomment-821991202} [Zugriff am 28. August 2021]},
}

@Misc{apollo_angular_collection_file,
  author = {{S. Vlaeva und K. Kisiela}},
  month  = aug,
  year   = {2018},
  note   = {\url{https://github.com/kamilkisiela/apollo-angular/blob/master/packages/apollo-angular/schematics/collection.json} [Zugriff am 28. August 2021]},
}

@Misc{prettier_angular_collection_file,
  author = {Ricardo Mello},
  month  = apr,
  year   = {2021},
  note   = {\url{https://github.com/ricmello/prettier-schematics/blob/main/src/collection.json} [Zugriff am 28. August 2021]},
}

@Misc{tslint_deprecation,
  author = {{Adi D., John W., Robert F. und Stephanie Y.}},
  month  = feb,
  year   = {2019},
  note   = {\url{https://blog.palantir.com/tslint-in-2019-1a144c2317a9} [Zugriff am 29. August 2021]},
}

@Misc{tslint_repo,
  author = {{Open Source}},
  title = {TSLint is deprecated},
  note   = {\url{https://github.com/palantir/tslint} [Zugriff am 29. August 2021]},
}

@Misc{vuejs_docs:redux_vs_vuex,
  author = {{Open Source}},
  note   = {\url{https://vuejs.org/v2/guide/state-management.html#Information-for-React-Developers} [Zugriff am 30. August 2021]},
  title  = {State Management - Information for React Developers},
}

@Misc{angular_jest_cypress_issue,
  author = {Loren M. Kerr},
  note   = {\url{https://github.com/briebug/jest-schematic/issues/51} [Zugriff am 30. August 2021]},
  title  = {GitHub-Issue: Jest Schematic + Cypress Schematic Conflicts},
}

@Misc{cra_package_managers,
  author = {{Open Source}},
  note   = {\url{https://create-react-app.dev/docs/getting-started/#selecting-a-package-manager} [Zugriff am 31. August 2021]},
  title  = {Getting Started - Selecting a package manager},
}

@Misc{inquirer_uses_chalk,
  author = {{Open Source}},
  note   = {\url{https://github.com/SBoudrias/Inquirer.js/blob/master/packages/core/index.js#L6} [Zugriff am 06. September 2021]},
  title  = {Verwendung von chalk in Inquirer.js/packages/core/index.js},
}

@Misc{vue_cli_uses_inquirer,
  author = {{Open Source}},
  note   = {\url{https://github.com/vuejs/vue-cli/blob/dev/package.json#L59} [Zugriff am 06. September 2021]},
  title  = {Verwendung von inquirer.js im Vue \gls{CLI}},
}

@Misc{angular_cli_uses_inquirer,
  author = {{Open Source}},
  note   = {\url{https://github.com/angular/angular-cli/blob/master/package.json#L162} [Zugriff am 06. September 2021]},
  title  = {Verwendung von inquirer.js im Angular \gls{CLI}},
}

@Misc{windows_spawn_cmd,
  author = {{Open Source}},
  note   = {\url{https://nodejs.org/dist/latest-v6.x/docs/api/child_process.html#child_process_spawning_bat_and_cmd_files_on_windows} [Zugriff am 10. September 2021]},
  title  = {Spawning .bat and .cmd files on Windows},
}

@mastersthesis{kleivane2011unit,
  title={Unit Testing with TDD in JavaScript},
  author={Kleivane, Tine Fl{\aa}ten},
  year={2011},
  school={Institutt for datateknikk og informasjonsvitenskap}
}

@book{tdd_beck,
  title={Test-driven development: by example},
  author={Beck, Kent},
  year={2003},
  publisher={Addison-Wesley Professional}
}

@Misc{npm_package_count,
  author = {Ahmad Nassri},
  note   = {\url{https://blog.npmjs.org/post/615388323067854848/so-long-and-thanks-for-all-the-packages.html} [Zugriff am 14. September 2021]},
  title  = {So long, and thanks for all the packages!},
}

@incollection{verma2013gracoli,
  title={Gracoli: a graphical command line user interface},
  author={Pramod Verma},
  booktitle={CHI'13 Extended Abstracts on Human Factors in Computing Systems},
  pages={3143--3146},
  year={2013}
}

@InProceedings{fellmann2007command,
  author    = {{T. Fellmann und M. Kavakli}},
  booktitle = {Proceedings of the Second IASTED International Conference on Human Computer Interaction. ACTA Press},
  title     = {A command line interface versus a graphical user interface in coding VR systems},
  year      = {2007},
}

@Misc{mapscii,
  author = {{Open Source}},
  note   = {\url{https://github.com/rastapasta/mapscii} [Zugriff am 15. September 2021]},
  title  = {MapSCII - The Whole World In Your Console.},
}

@article{hinsen2009functional_programming,
  title={The promises of functional programming},
  author={Konrad Hinsen},
  journal={Computing in Science \& Engineering},
  volume={11},
  number={4},
  pages={86--90},
  year={2009},
  publisher={IEEE}
}

@article{benton2016js_functional,
  title={Improving testability and reuse by transitioning to functional programming},
  author={{M. C. Benton und N. M. Radziwill}},
  journal={arXiv preprint arXiv:1606.06704},
  year={2016}
}

@Misc{inquirer_package_json,
  author = {{Open Source}},
  note   = {\url{https://github.com/SBoudrias/Inquirer.js/blob/master/packages/inquirer/package.json} [Zugriff am 16. September 2021]},
  title  = {Inquirer.js - package.json.},
}

@Misc{DT_github,
  author = {{Open Source}},
  note   = {\url{https://github.com/DefinitelyTyped/DefinitelyTyped/} [Zugriff am 16. September 2021]},
  title  = {DefinitelyTyped.},
}

@Misc{JSON_MDN,
  author = {{Open Source}},
  note   = {\url{https://developer.mozilla.org/en-US/docs/Web/JavaScript/Reference/Global_Objects/JSON} [Zugriff am 16. September 2021]},
  title  = {JSON - JavaScript | MDN.},
}

@book{angular_only_with_typescript,
  title={ng-book - The Complete Book on Angular},
  author={{N. Murray, F. Coury, A. Lerner und C. Taborda}},
  year={2020},
  publisher={Fullstack.io}
}

@Misc{angular_mvvm,
  author = {Jens Ehlers},
  title  = {{Patterns und Frameworks f√ºr die Entwicklung paralleler und verteilter Anwendungen in Java}},
  note   = {\url{https://oncampus.pages.th-luebeck.de/patterns-and-frameworks/patterns-and-frameworks.pdf} [Zugriff am 17. September 2021]},
}

@Misc{react_jsx,
  author = {{Open Source}},
  note   = {\url{https://reactjs.org/docs/introducing-jsx.html} [Zugriff am 17. September 2021]},
  title  = {Introducing JSX},
}

@Misc{react_eslint,
  author = {{Open Source}},
  note   = {\url{https://create-react-app.dev/docs/setting-up-your-editor/#extending-or-replacing-the-default-eslint-config} [Zugriff am 17. September 2021]},
  title  = {Setting Up Your Editor | Create React App},
}

@Misc{git_usage,
  author = {{Stack Overflow}},
  year = {2021},
  note   = {\url{https://insights.stackoverflow.com/survey/2021#most-popular-technologies-tools-tech-prof} [Zugriff am 17. September 2021]},
  title  = {Stack Overflow Developer Survey 2021},
}

@Comment{jabref-meta: databaseType:bibtex;}
